% This file was created with JabRef 2.10.
% Encoding: UTF-8


@Misc{Misc1,
  Title                    = {FooBar},

  Author                   = {Doe, J.},
  HowPublished             = {\url{https://developers.google.com/protocol-buffers/}},
  Note                     = {Abgerufen: 01.01.2019},

  Owner                    = {ralf},
  Timestamp                = {2019.06.01}
}

@Book{book1,
  Title                    = {Title},
  Author                   = {J Doe},
  Publisher                = {O Reilly Media},
  Year                     = {2019},
  Edition                  = {1},

  Owner                    = {ralf},
  Timestamp                = {2019.06.01}
}

